@article{gigerenzer2009heuristicus,
	author = {Gigerenzer, Gerd and Brighton, Henry},
	title = {Homo Heuristicus: Why Biased Minds Make Better Inferences},
	journal = {Topics in Cognitive Science},
	volume = {1},
	number = {1},
	pages = {107-143},
	keywords = {Heuristics, Decision-making, Inferences, Rationality, Uncertainity, Induction},
	doi = {10.1111/j.1756-8765.2008.01006.x},
	url = {https://onlinelibrary.wiley.com/doi/abs/10.1111/j.1756-8765.2008.01006.x},
	year = {2009}
}

@article{meisser2017code,
	title={The Code is the Model},
	author={Meisser, Luzius},
	journal={International Journal of Microsimulation},
	volume={10},
	number={3},
	pages={184--201},
	year={2017}
}

@article{moneta2005causality,
	author = {Alessio Moneta},
	title = {Causality in macroeconometrics: some considerations about reductionism and realism},
	journal = {Journal of Economic Methodology},
	volume = {12},
	number = {3},
	pages = {433-453},
	year  = {2005},
	publisher = {Routledge},
	doi = {10.1080/13501780500223742},
	URL = {https://doi.org/10.1080/13501780500223742}
}

@techreport{valente2017knowledge,
	title={Knowledge as explanations},
	author={Valente, Marco},
	journal={Available at SSRN},
	number={2918920},
	year={2017}
}

@article{dawid2012approach,
	title={Capturing firm behavior in agent-based models of industry evolution and macroeconomic dynamics},
	author={Dawid, Herbert and Harting, Philipp},
	journal={Applied Evolutionary Economics, Behavior and Organizations, ed. by G. B{\"u}nsdorf, Edward-Elgar},
	pages={103--130},
	year={2012}
}

@book{hommes2013book,
  title={Behavioral rationality and heterogeneous expectations in complex economic systems},
  author={Hommes, Cars},
  year={2013},
  publisher={Cambridge University Press}
}

@incollection{dosi2004simon,
    author = {Giovanni Dosi},
    title = {A very reasonable objective still beyond our reach: economics as an empirically disciplined social science},
    booktitle = {Models of a Man: Essays in Memory of Herbert Simon},
    year = {2004}
}

@book{dawid2018handbook,
	author = {Dawid, Herbert and {Delli Gatti}, Domenico},
	booktitle = {Handbook of Computational Economics},
	doi = {10.1016/bs.hescom.2018.02.006},
	issn = {15740021},
	keywords = {Agent-based macroeconomics,Aggregation,Behavioral rules,Business fluctuations,Economic policy,Heterogeneity},
	pages = {63--156},
	publisher = {Elsevier B.V.},
	title = {{Agent-Based Macroeconomics}},
	url = {https://doi.org/10.1016/bs.hescom.2018.02.006},
	volume = {4},
	year = {2018}
}

@article{fagiolo2017redux,
	author = {Fagiolo, Giorgio and Roventini, Andrea},
	doi = {10.18564/jasss.3280},
	issn = {14607425},
	journal = {Jasss},
	number = {1},
	title = {{Macroeconomic policy in DSGE and agent-based models redux: New developments and challenges ahead}},
	volume = {20},
	year = {2017}
}

@article{marks2013validation,
	title={Validation and model selection: Three similarity measures compared},
	author={Marks, Robert E.},
	journal={Complexity Economics},
	volume={2},
	number={1},
	pages={41--61},
	year={2013},
	publisher={Citeseer}
}

@Article{yilmaz2006verification,
	author="Yilmaz, Levent",
	title="Validation and verification of social processes within agent-based computational organization models",
	journal="Computational {\&} Mathematical Organization Theory",
	year="2006",
	day="01",
	volume="12",
	number="4",
	pages="283--312",
	doi="10.1007/s10588-006-8873-y",
	url="https://doi.org/10.1007/s10588-006-8873-y"
}

@article{naylor1967verification,
	author = {Naylor, Thomas H. and Finger, J. M.},
	doi = {10.1287/mnsc.14.2.b92},
	issn = {0025-1909},
	journal = {Management Science},
	number = {2},
	pages = {B--92--B--101},
	title = {{Verification of Computer Simulation Models}},
	volume = {14},
	year = {1967}
}

@article{salle2014kriging,
	author = {Salle, Isabelle and Yıldızoğlu, Murat},
	doi = {10.1007/s10614-013-9406-7},
	isbn = {1061401394067},
	issn = {15729974},
	journal = {Computational Economics},
	keywords = {Computational economics,Design of experiments,Exploration of agent-based models,Meta-modeling},
	number = {4},
	pages = {507--536},
	title = {{Efficient sampling and meta-modeling for computational economic models}},
	volume = {44},
	year = {2014}
}

@article{cooley1997calibrated,
	author = {Cooley, T.},
	doi = {10.1093/oxrep/13.3.55},
	issn = {0266-903X},
	journal = {Oxford Review of Economic Policy},
	number = {3},
	pages = {55--69},
	title = {{Calibrated models}},
	volume = {13},
	year = {1997}
}

@article{hoover1995artifacts,
	author = {Hoover, Kevin D.},
	doi = {10.1093/oxfordjournals.oep.a042160},
	issn = {00307653},
	journal = {Oxford Economic Papers},
	number = {1},
	pages = {24--44},
	title = {{Facts and artifacts: Calibration and the empirical assessment of real-business-cycle models}},
	volume = {47},
	year = {1995}
}

@article{gourieroux1993indirect,
	abstract = {In this text, the authors attempt to lay a foundation for a scientific approach to wound care that is particularly suited to the South African context.},
	author = {Gourieroux, C and Monfort, A and Renault, E},
	journal = {Journal of Applied Econometrics},
	title = {{Indirect Inference C. Gourieroux; A. Monfort; E. Renault Journal of Applied Econometrics , Vol. 8, Supplement: Special Issue on Econometric Inference Using Simulation Techniques. (Dec., 1993), pp. S85-S118.}},
	volume = {8},
	year = {1993}
}


@article{gilli2001estimation,
	author = {Gilli, Manfred and Winker, Peter},
	doi = {10.2139/ssrn.300220},
	journal = {SSRN Electronic Journal},
	number = {November},
	title = {{Indirect Estimation of the Parameters of Agent Based Models of Financial Markets}},
	year = {2001}
}

@article{mcfadden1989msm,
	author = {McFadden, Daniel},
	doi = {10.2307/1913621},
	issn = {00129682},
	journal = {Econometrica},
	keywords = {discrete response,method of moments,multinomial probit,simulation},
	number = {5},
	pages = {995},
	title = {{A Method of Simulated Moments for Estimation of Discrete Response Models Without Numerical Integration}},
	volume = {57},
	year = {1989}
}

@article{franke2012contest,
	author = {Franke, Reiner and Westerhoff, Frank},
	doi = {10.1016/j.jedc.2011.10.004},
	issn = {01651889},
	journal = {Journal of Economic Dynamics and Control},
	keywords = {Discrete choice approach,Herding,Method of simulated moments,Moment coverage ratio,Transition probability approach},
	number = {8},
	pages = {1193--1211},
	publisher = {Elsevier},
	title = {{Structural stochastic volatility in asset pricing dynamics: Estimation and model contest}},
	url = {http://dx.doi.org/10.1016/j.jedc.2011.10.004},
	volume = {36},
	year = {2012}
}

@article{alfarano2005estimation,
	author = {Alfarano, Simone and Lux, Thomas and Wagner, Friedrich},
	doi = {10.1007/s10614-005-6415-1},
	issn = {09277099},
	journal = {Computational Economics},
	keywords = {Fat tails,Herd behavior,Speculative dynamics,Volatility clustering},
	number = {1},
	pages = {19--49},
	title = {{Estimation of agent-based models: The case of an asymmetric herding model}},
	volume = {26},
	year = {2005}
}

@article{boswijk2007estimation,
	author = {Boswijk, H. Peter and Hommes, Cars H. and Manzan, Sebastiano},
	doi = {10.1016/j.jedc.2007.01.001},
	issn = {01651889},
	journal = {Journal of Economic Dynamics and Control},
	keywords = {Behavioral finance,Bounded rationality,Bubbles,Evolutionary selection,Heterogeneous expectations,Stock prices},
	number = {6},
	pages = {1938--1970},
	title = {{Behavioral heterogeneity in stock prices}},
	volume = {31},
	year = {2007}
}

@article{grazzini2017bayesian,
	author = {Grazzini, Jakob and Richiardi, Matteo G. and Tsionas, Mike},
	doi = {10.1016/j.jedc.2017.01.014},
	issn = {01651889},
	journal = {Journal of Economic Dynamics and Control},
	keywords = {Agent-based,Approximate Bayesian computation,Bayes,Estimation,Likelihood},
	pages = {26--47},
	publisher = {Elsevier B.V.},
	title = {{Bayesian estimation of agent-based models}},
	volume = {77},
	year = {2017}
}

@article{kirman1991epidemics,
	title={Epidemics of opinion and speculative bubbles in financial matkets},
	author={Kirman, Alan},
	journal={Money and financial markets chap},
	volume={17},
	year={1991},
	publisher={Macmillan}
}

@incollection{fagiolo2019validation,
	author = {Fagiolo, Giorgio and Guerini, Mattia and Lamperti, Francesco and Moneta, Alessio and Roventini, Andrea},
	doi = {10.1007/978-3-319-70766-2_31},
	pages = {763--787},
	title = {{Validation of Agent-Based Models in Economics and Finance}},
	url = {http://link.springer.com/10.1007/978-3-319-70766-2{\_}31},
	year = {2019}
}

@article{guerini2017validation,
	author = {Guerini, M. and Moneta, A.},
	doi = {10.1016/j.jedc.2017.06.001},
	issn = {01651889},
	journal = {Journal of Economic Dynamics and Control},
	keywords = {Agent-based models,Causality,Models validation,Structural vector autoregressions},
	title = {{A method for agent-based models validation}},
	volume = {82},
	year = {2017}
}

@article{hsiao1989smd,
	author = {Hsiao, Cheng},
	doi = {10.1016/0304-4076(89)90047-X},
	issn = {03044076},
	journal = {Journal of Econometrics},
	number = {1},
	pages = {159--185},
	title = {{Consistent estimation for some nonlinear errors-in-variables models}},
	volume = {41},
	year = {1989}
}

@article{lux2018sequential,
	author = {Lux, Thomas},
	doi = {10.1016/j.jedc.2018.01.021},
	issn = {01651889},
	journal = {Journal of Economic Dynamics and Control},
	pages = {391--408},
	publisher = {Elsevier B.V.},
	title = {{Estimation of agent-based models using sequential Monte Carlo methods}},
	url = {https://doi.org/10.1016/j.jedc.2018.01.021},
	volume = {91},
	year = {2018}
}

@techreport{cliff1997minimal,
	title={Minimal-intelligence agents for bargaining behaviors in market-based environments},
	author={Cliff, Dave and Bruten, Janet},
	year={1997},
	journal={Hewlett-Packard Labs Technical Reports}
}

@article{kukacka2017estimation,
	title={Estimation of financial agent-based models with simulated maximum likelihood},
	author={Kukacka, Jiri and Barunik, Jozef},
	journal={Journal of Economic Dynamics and Control},
	volume={85},
	pages={21--45},
	year={2017},
	publisher={Elsevier}
}

@article{brock1998heterogeneous,
	title={Heterogeneous beliefs and routes to chaos in a simple asset pricing model},
	author={Brock, William A and Hommes, Cars H},
	journal={Journal of Economic dynamics and Control},
	volume={22},
	number={8-9},
	pages={1235--1274},
	year={1998},
	publisher={Elsevier}
}

@Article{barde2017practical,
	author="Barde, Sylvain",
	title="A Practical, Accurate, Information Criterion for Nth Order Markov Processes",
	journal="Computational Economics",
	year="2017",
	month="Aug",
	day="01",
	volume="50",
	number="2",
	pages="281--324",
	doi="10.1007/s10614-016-9617-9",
	url="https://doi.org/10.1007/s10614-016-9617-9"
}

@article{barde2020comparison,
	title = "Macroeconomic simulation comparison with a multivariate extension of the Markov information criterion",
	journal = "Journal of Economic Dynamics and Control",
	volume = "111",
	pages = "103795",
	year = "2020",
	issn = "0165-1889",
	doi = "https://doi.org/10.1016/j.jedc.2019.103795",
	url = "http://www.sciencedirect.com/science/article/pii/S0165188919301927",
	author = "Sylvain Barde",
}

@article{lamperti2018gsl,
	author = {Lamperti, Francesco},
	doi = {10.1016/j.ecosta.2017.01.006},
	issn = {24523062},
	journal = {Econometrics and Statistics},
	keywords = {Agent Based Models,Empirical validation,Model selection,Simulations,Time series},
	pages = {83--106},
	publisher = {Elsevier B.V.},
	title = {{An information theoretic criterion for empirical validation of simulation models}},
	url = {https://doi.org/10.1016/j.ecosta.2017.01.006},
	volume = {5},
	year = {2018}
}

@article{lamperti2018surrogates,
	author = {Lamperti, Francesco and Roventini, Andrea and Sani, Amir},
	doi = {10.1016/j.jedc.2018.03.011},
	issn = {01651889},
	journal = {Journal of Economic Dynamics and Control},
	pages = {366--389},
	publisher = {Elsevier B.V.},
	title = {{Agent-based model calibration using machine learning surrogates}},
	url = {https://doi.org/10.1016/j.jedc.2018.03.011},
	volume = {90},
	year = {2018}
}

@article{dosi2015fiscal,
	author = {Dosi, Giovanni and Fagiolo, Giorgio and Napoletano, Mauro and Roventini, Andrea and Treibich, Tania},
	doi = {10.1016/j.jedc.2014.11.014},
	issn = {01651889},
	journal = {Journal of Economic Dynamics and Control},
	pages = {166--189},
	publisher = {Elsevier},
	title = {{Fiscal and monetary policies in complex evolving economies}},
	url = {http://dx.doi.org/10.1016/j.jedc.2014.11.014},
	volume = {52},
	year = {2015}
}

@article{bianchi2007calibrating,
	author = {Bianchi, Carlo and Cirillo, Pasquale and Gallegati, Mauro and Vagliasindi, Pietro A.},
	doi = {10.1007/s10614-007-9097-z},
	issn = {09277099},
	journal = {Computational Economics},
	number = {3},
	pages = {245--264},
	title = {{Validating and calibrating agent-based models: A case study}},
	volume = {30},
	year = {2007}
}

@techreport{guerini2020governance,
	author = {Guerini, Mattia and Harting, Philipp and Napoletano, Mauro},
	journal = {Mimeo},
	title = {Governance structure, technical change and industry competition},
	year = {2020}
}

@book{de2005book,
  title={Computational and mathematical modeling in the social sciences},
  author={De Marchi, Scott},
  year={2005},
  publisher={Cambridge University Press}
}

@article{dosi2018sensitivity,
	author = {Dosi, G. and Pereira, M. C. and Virgillito, M. E.},
	doi = {10.1007/s11403-017-0193-4},
	issn = {18607128},
	journal = {Journal of Economic Interaction and Coordination},
	number = {1},
	pages = {173--193},
	publisher = {Springer Berlin Heidelberg},
	title = {{On the robustness of the fat-tailed distribution of firm growth rates: a global sensitivity analysis}},
	volume = {13},
	year = {2018}
}

@article{dosi2003island,
	title = {Exploitation, exploration and innovation in a model of endogenous growth with locally interacting agents},
	author = {Fagiolo, Giorgio and Dosi, Giovanni},
	year = {2003},
	journal = {Structural Change and Economic Dynamics},
	volume = {14},
	number = {3},
	pages = {237-273}
}

@article{anderson1972science,
	author = {{Anderson P. W.}},
	journal = {Science},
	number = {4047},
	pages = {393--396},
	title = {{More is different}},
	volume = {177},
	year = {1972}
}

@article{buchanan2012stylizedfact,
	author = {Buchanan, Mark},
	doi = {10.1038/nphys2191},
	issn = {17452473},
	journal = {Nature Physics},
	number = {1},
	pages = {3},
	publisher = {Nature Publishing Group},
	title = {{It's a (stylized) fact!}},
	volume = {8},
	year = {2012}
}

@article{brock1999scaling,
	author = {Brock, W.},
	doi = {10.1093/icc/8.3.409},
	issn = {0960-6491},
	journal = {Industrial and Corporate Change},
	number = {3},
	pages = {409--446},
	title = {{Scaling in economics: a reader's guide}},
	volume = {8},
	year = {1999}
}

@article{kaldor1957styfacts,
    author = {Kaldor, Nicholas},
    title = "{A Model of Economic Growth}",
    journal = {The Economic Journal},
    volume = {67},
    number = {268},
    pages = {591-624},
    year = {1957},
    month = {12},
    issn = {0013-0133},
    doi = {10.2307/2227704},
    url = {https://doi.org/10.2307/2227704},
    eprint = {http://oup.prod.sis.lan/ej/article-pdf/67/268/591/27347660/ej0591.pdf},
}

@article{fabretti2013problem,
  title={On the problem of calibrating an agent based model for financial markets},
  author={Fabretti, Annalisa},
  journal={Journal of Economic Interaction and Coordination},
  volume={8},
  number={2},
  pages={277--293},
  year={2013},
  publisher={Springer}
}

@article{lamperti2018empirical,
  title={Empirical validation of simulated models through the GSL-div: an illustrative application},
  author={Lamperti, Francesco},
  journal={Journal of Economic Interaction and Coordination},
  volume={13},
  number={1},
  pages={143--171},
  year={2018},
  publisher={Springer}
}

@article{delligatti2015jeic,
	title = {Monetary policy experiments in an agent-based model with financial frictions},
	author = {Delli Gatti, Domenico and Desiderio, Saul},
	year = {2015},
	journal = {Journal of Economic Interaction and Coordination},
	volume = {10},
	number = {2},
	pages = {265-286}
}